<record><leader>00000cas a2200000Ma 4500</leader><controlfield tag="001">10945598</controlfield><controlfield tag="008">840713d18uu1926nhuwr ne      0    0eng d</controlfield><datafield ind1=" " ind2=" " tag="010"><subfield code="a">sn 84023682 </subfield></datafield><datafield ind1=" " ind2=" " tag="040"><subfield code="a">AQM</subfield><subfield code="b">eng</subfield><subfield code="c">AQM</subfield><subfield code="d">OCLCQ</subfield></datafield><datafield ind1="0" ind2="0" tag="245"><subfield code="a">New Hampshire Argus &amp; spectator.</subfield></datafield><datafield ind1="1" ind2="3" tag="246"><subfield code="a">New Hampshire Argus and spectator</subfield></datafield><datafield ind1="1" ind2="3" tag="246"><subfield code="a">N.H. Argus &amp; spectator</subfield></datafield><datafield ind1=" " ind2=" " tag="260"><subfield code="a">Newport, N.H. :</subfield><subfield code="b">Carleton &amp; Harvey</subfield></datafield><datafield ind1=" " ind2=" " tag="300"><subfield code="a">v. :</subfield><subfield code="b">ill. (chiefly advertisements) ;</subfield><subfield code="c">57 cm.</subfield></datafield><datafield ind1=" " ind2=" " tag="310"><subfield code="a">Weekly</subfield></datafield><datafield ind1="1" ind2=" " tag="362"><subfield code="a">Ceased in 1926.</subfield><subfield code="z">Cf. Amer. newspapers, 1821-1936.</subfield></datafield><datafield ind1=" " ind2=" " tag="500"><subfield code="a">"New Hampshire" appears above logo, Jan. 29, 1897-Jan. 9, 1903.</subfield></datafield><datafield ind1=" " ind2=" " tag="588"><subfield code="a">Description based on: Vol. 28, no. 34 (Feb. 13, 1852).</subfield></datafield><datafield ind1=" " ind2="7" tag="655"><subfield code="a">Newspapers.</subfield><subfield code="2">rbgenr</subfield></datafield><datafield ind1=" " ind2=" " tag="752"><subfield code="a">United States</subfield><subfield code="b">New Hampshire</subfield><subfield code="c">Sullivan</subfield><subfield code="d">Newport.</subfield></datafield><datafield ind1="0" ind2="0" tag="780"><subfield code="t">Argus &amp; spectator</subfield><subfield code="w">(DLC)sn 84023681</subfield></datafield><datafield ind1="0" ind2="7" tag="785"><subfield code="t">Republican champion</subfield><subfield code="w">(DLC)sn 84020571</subfield></datafield><datafield ind1="0" ind2="7" tag="785"><subfield code="t">Argus-champion</subfield></datafield><datafield ind1="1" ind2=" " tag="029"><subfield code="a">AU@</subfield><subfield code="b">000025826723</subfield></datafield></record>